%% Variable strings
@string{acmtoms = {{ACM} Transactions on Mathematical Software}}

%% Citations
@article{iterativeGPU,
	Author = {Li, Ruipeng and Saad, Yousef},
	Doi = {10.1007/s11227-012-0825-3},
	Issn = {0920-8542},
	Journal = {The Journal of Supercomputing},
	Keywords = {{GPU} computing; Preconditioned iterative methods; Sparse matrix computations},
	Language = {English},
	Number = {2},
	Owner = {anzt},
	Pages = {443-466},
	Publisher = {Springer US},
	Timestamp = {2015.02.18},
	Title = {{GPU}-accelerated preconditioned iterative linear solvers},
	Url = {http://dx.doi.org/10.1007/s11227-012-0825-3},
	Volume = {63},
	Year = {2013},
	Bdsk-Url-1 = {http://dx.doi.org/10.1007/s11227-012-0825-3}
}
	
	
@phdthesis{grigori2014enlarged,
	title={Enlarged {K}rylov Subspace Conjugate Gradient Methods for Reducing Communication},
	author={Grigori, Laura and Moufawad, Sophie and Nataf, Frederic},
	year={2014},
	school={INRIA}
}


@article{gu2004msdcg,
	author = {Tongxiang   Gu  and  Xingping   Liu  and  Zeyao   Mo  and  Xuebin   Chi },
	title = {Multiple search direction conjugate gradient method {I}: methods and their propositions},
	journal = {International Journal of Computer Mathematics},
	volume = {81},
	number = {9},
	pages = {1133-1143},
	year = {2004},
	doi = {10.1080/00207160410001712305},
	URL = {http://dx.doi.org/10.1080/00207160410001712305},
}


@article{tang1992schwarz,
	title={Generalized {S}chwarz splittings},
	author={Tang, Wei Pai},
	journal={SIAM Journal on Scientific and Statistical Computing},
	volume={13},
	number={2},
	pages={573--595},
	year={1992},
	publisher={SIAM}
}
